@article{astyx,
  title = {Automotive Radar Dataset for Deep Learning Based 3D Object
    Detection},
  author = {Meyer, Michael and Kuschk, Georg},
  journal = {European Radar Conference},
  year = {2019},
  pages = {129 - 132}
}

@book{opencv-book,
  title = {A practial introduction to computer vision with opencv},
  author = {Kenneth Dawson-Owe},
  publisher = {John Wiley \& Sons Ltd},
  year = {2014}
}

@misc{car-sizes,
  title = {Understanding car size and dimensions},
  howpublished = {Available at
    \url{https://www.nationwidevehiclecontracts.co.uk/guides/ask-nvc/\
    understanding-car-size-and-dimensions}},
  year = {2020}
}

@misc{cv-img-thresholding,
  title = {Image Thresholding},
  howpublished = {Available at
    \url{https://www.docs.opencv.org/master/d7/d4d/tutorial_py_thresholding.html}},
  year = {04.2021}
}

@misc{cv-img-edge,
  title = {Canny Edge Detection},
  howpublished = {Available at
    \url{https://www.docs.opencv.org/master/da/d22/tutorial_py_canny.html}},
  year = {04.2021}
}

@misc{cv-img-hough-transform,
  title = {Hough Line Transform},
  howpublished = {Available at
    \url{https://www.docs.opencv.org/master/d6/d10/tutorial_py_houghlines.html}},
  year = {04.2021}
}

@misc{cv-approx-polydp,
  title = {Ramer–Douglas–Peucker algorithm},
  howpublished = {Available at
    \url{https://en.wikipedia.org/wiki/Douglas-Peucker-Algorithmus}},
  year = {04.2021}
}

@misc{astyx-library,
  title = {Astyx},
  author = {Amoussou Z. Kenneth},
  howpublished = {Available at
    \url{https://github.com/azinke/astyx}},
  year = {2020}
}

